@article{coutinho2013uso,
  title={Uso e cobertura da terra nas {\'a}reas desflorestadas da Amaz{\^o}nia Legal: TerraClass 2008.},
  author={Coutinho, Alexandre Camargo and Almeida, Cl{\'a}udio and Venturieri, Adriano and ESQUERDO, J{\'u}lio C{\'e}sar Dalla Mora and SILVA, Maur{\'\i}cio},
  journal={Embrapa Inform{\'a}tica Agropecu{\'a}ria-Livro cient{\'\i}fico (ALICE)},
  year={2013},
  publisher={Bras{\'\i}lia, DF: Embrapa; S{\~a}o Jos{\'e} dos Campos: Inpe, 2013.}
}

@inproceedings{sanches2018lem,
  title={Lem benchmark database for tropical agricultural remote sensing application.},
  author={Sanches, ID and Feitosa, RQ and Achanccaray, P and Montibeller, B and Luiz, AJB and Soares, MD and Prudente, VHR and Vieira, DC and Maurano, LEP},
  booktitle={Embrapa Meio Ambiente-Artigo em anais de congresso (ALICE)},
  year={2018},
  organization={International Archives of the Photogrammetry, Remote Sensing and Spatial}
}


@article{ferreira2021mudanccas,
  title={AS MUDAN{\c{C}}AS NO USO E COBERTURA DA TERRA NA REGI{\~A}O OESTE DA BAHIA A PARTIR DA EXPANS{\~A}O AGR{\'I}COLA},
  author={Ferreira, Andr{\'e} Barbosa Ribeiro and Pereira, Gabriel and Fonseca, Br{\'a}ulio Magalh{\~a}es and da Silva Cardozo, Francielle},
  journal={Forma{\c{c}}{\~a}o (Online)},
  volume={28},
  number={53},
  year={2021}
}

@article{eros2017landsat,
  title={Landsat Collection 1 Level 1 Product Definition},
  author={EROS, USGS},
  journal={USGS: Reston, WV, USA},
  year={2017}
}

@article{sentinel2user,
  title={User Handbook},
  author={Sentinel, ESA},
  journal={ESA Standard Document},
  volume={64},
  year={2}
}

@article{gorelick2017google,
  title={Google Earth Engine: Planetary-scale geospatial analysis for everyone},
  author={Gorelick, Noel and Hancher, Matt and Dixon, Mike and Ilyushchenko, Simon and Thau, David and Moore, Rebecca},
  journal={Remote sensing of Environment},
  volume={202},
  pages={18--27},
  year={2017},
  publisher={Elsevier}
}

@article{oldoni2020lem,
  title={LEM+ dataset: For agricultural remote sensing applications},
  author={Oldoni, Lucas Volochen and Sanches, Ieda Del'Arco and Picoli, Michelle Cristina A and Covre, Renan Moreira and Fronza, Jos{\'e} Guilherme},
  journal={Data in Brief},
  volume={33},
  pages={106553},
  year={2020},
  publisher={Elsevier}
}

@article{shang2019harmonizing,
  title={Harmonizing Landsat 8 and Sentinel-2: A time-series-based reflectance adjustment approach},
  author={Shang, Rong and Zhu, Zhe},
  journal={Remote Sensing of Environment},
  volume={235},
  pages={111439},
  year={2019},
  publisher={Elsevier}
}

@article{hadjimitsis2010atmospheric,
  title={Atmospheric correction for satellite remotely sensed data intended for agricultural applications: impact on vegetation indices},
  author={Hadjimitsis, Diofandos G and Papadavid, G and Agapiou, A and Themistocleous, K and Hadjimitsis, MG and Retalis, A and Michaelides, S and Chrysoulakis, N and Toulios, L and Clayton, CRI},
  journal={Natural Hazards and Earth System Sciences},
  volume={10},
  number={1},
  pages={89--95},
  year={2010},
  publisher={Copernicus GmbH}
}

@article{schaaf2002first,
  title={First operational BRDF, albedo nadir reflectance products from MODIS},
  author={Schaaf, Crystal B and Gao, Feng and Strahler, Alan H and Lucht, Wolfgang and Li, Xiaowen and Tsang, Trevor and Strugnell, Nicholas C and Zhang, Xiaoyang and Jin, Yufang and Muller, Jan-Peter and others},
  journal={Remote sensing of Environment},
  volume={83},
  number={1-2},
  pages={135--148},
  year={2002},
  publisher={Elsevier}
}

@article{roy2016general,
  title={A general method to normalize Landsat reflectance data to nadir BRDF adjusted reflectance},
  author={Roy, David P and Zhang, HK and Ju, Junchang and Gomez-Dans, Jose Luis and Lewis, Philip E and Schaaf, CB and Sun, Qingsong and Li, Jian and Huang, Haiyan and Kovalskyy, V},
  journal={Remote Sensing of Environment},
  volume={176},
  pages={255--271},
  year={2016},
  publisher={Elsevier}
}

@article{farr2007shuttle,
  title={The shuttle radar topography mission},
  author={Farr, Tom G and Rosen, Paul A and Caro, Edward and Crippen, Robert and Duren, Riley and Hensley, Scott and Kobrick, Michael and Paller, Mimi and Rodriguez, Ernesto and Roth, Ladislav and others},
  journal={Reviews of geophysics},
  volume={45},
  number={2},
  year={2007},
  publisher={Wiley Online Library}
}

@article{soenen2005scs,
  title={SCS+ C: A modified sun-canopy-sensor topographic correction in forested terrain},
  author={Soenen, Scott A and Peddle, Derek R and Coburn, Craig A},
  journal={IEEE Transactions on geoscience and remote sensing},
  volume={43},
  number={9},
  pages={2148--2159},
  year={2005},
  publisher={IEEE}
}

@article{poortinga2019mapping,
  title={Mapping plantations in Myanmar by fusing Landsat-8, Sentinel-2 and Sentinel-1 data along with systematic error quantification},
  author={Poortinga, Ate and Tenneson, Karis and Shapiro, Aur{\'e}lie and Nquyen, Quyen and San Aung, Khun and Chishtie, Farrukh and Saah, David},
  journal={Remote Sensing},
  volume={11},
  number={7},
  pages={831},
  year={2019},
  publisher={Multidisciplinary Digital Publishing Institute}
}

@misc{zupancimproving,
  title={Improving Cloud Detection with Machine Learning},
  author={Zupanc, A},
  year={2019},
  url={https://medium.com/sentinel-hub/improving-cloud-detection-with-machine-learning-c09dc5d7cf13},
  urldate = {26.09.2021}
}

@misc{ibge2021pam,
  title={Produ{\c{c}}{\~a}o Agr{\'\i}cola Municipal (PAM)},
  author={IBGE-Instituto Brasileiro de Geografia e Estat{\'\i}stica},
  year={2021},
  publisher={IBGE Rio de Janeiro}
}

@article{risso2009potencialidade,
  title={Potencialidade dos {\'\i}ndices de vegeta{\c{c}}{\~a}o EVI e NDVI dos produtos MODIS na separabilidade espectral de {\'a}reas de soja},
  author={Risso, Joel and Rizzi, Rodrigo and Epiphanio, Rui Dalla Valle and Rudorff, Bernardo Friedrich Theodor and Formaggio, Ant{\^o}nio Roberto and Shimabukuro, Yosio Edemir and Fernandes, S{\'e}rgio Leal},
  journal={XIV Simp{\'o}sio de Sensoriamento Remoto (SBSR), Natal--RN. Anais, S{\~a}o Jos{\'e} dos Campos: INPE},
  pages={379--386},
  year={2009}
}

@article{breiman2001random,
  title={Random forests},
  author={Breiman, Leo},
  journal={Machine learning},
  volume={45},
  number={1},
  pages={5--32},
  year={2001},
  publisher={Springer}
}

@article{hochreiter1997long,
  title={Long short-term memory},
  author={Hochreiter, Sepp and Schmidhuber, J{\"u}rgen},
  journal={Neural computation},
  volume={9},
  number={8},
  pages={1735--1780},
  year={1997},
  publisher={MIT Press}
}

@article{sak2014long,
  title={Long short-term memory recurrent neural network architectures for large scale acoustic modeling},
  author={Sak, Hasim and Senior, Andrew W and Beaufays, Fran{\c{c}}oise},
  year={2014}
}

@book{hastie2009elements,
  title={The elements of statistical learning: data mining, inference, and prediction},
  author={Hastie, Trevor and Tibshirani, Robert and Friedman, Jerome},
  year={2009},
  publisher={Springer Science \& Business Media}
}

@article{souza2020reconstructing,
  title={Reconstructing three decades of land use and land cover changes in brazilian biomes with landsat archive and earth engine},
  author={Souza, Carlos M and Z Shimbo, Julia and Rosa, Marcos R and Parente, Leandro L and A Alencar, Ane and Rudorff, Bernardo FT and Hasenack, Heinrich and Matsumoto, Marcelo and G Ferreira, Laerte and Souza-Filho, Pedro WM and others},
  journal={Remote Sensing},
  volume={12},
  number={17},
  pages={2735},
  year={2020},
  publisher={Multidisciplinary Digital Publishing Institute}
}